%% bibliography

%% Neutrino Physics
@article{Pauli1930,
	author = "Pauli, W.",
	title = "{Dear radioactive ladies and gentlemen}",
	journal = "Phys. Today",
	volume = "31N9",
	pages = "27",
	year = "1978"
}

@article{Reines1953,
	title = {Detection of the Free Neutrino},
	author = {Reines, F. and Cowan, C. L.},
	journal = {Phys. Rev.},
	volume = {92},
	issue = {3},
	pages = {830--831},
	numpages = {0},
	year = {1953},
	month = {Nov},
	publisher = {American Physical Society},
	doi = {10.1103/PhysRev.92.830},
	url = {https://link.aps.org/doi/10.1103/PhysRev.92.830}
}

@article{ALEPH2005,
	author = "Schael, S. and others",
	collaboration = "{ALEPH}, {DELPHI}, {L3}, {OPAL}, {SLD}, LEP Electroweak Working Group, SLD Electroweak Group, SLD Heavy Flavour Group",
	title = "{Precision electroweak measurements on the $Z$ resonance}",
	eprint = "hep-ex/0509008",
	archivePrefix = "arXiv",
	reportNumber = "SLAC-R-774",
	doi = "10.1016/j.physrep.2005.12.006",
	journal = "Phys. Rept.",
	volume = "427",
	pages = "257--454",
	year = "2006"
}

@article{SuperKamiokande1998,
	author = "Fukuda, Y. and others",
	collaboration = "{Super-Kamiokande}",
	title = "{Evidence for oscillation of atmospheric neutrinos}",
	eprint = "hep-ex/9807003",
	archivePrefix = "arXiv",
	reportNumber = "BU-98-17, ICRR-REPORT-422-98-18, UCI-98-8, KEK-PREPRINT-98-95, LSU-HEPA-5-98, UMD-98-003, SBHEP-98-5, TKU-PAP-98-06, TIT-HPE-98-09",
	doi = "10.1103/PhysRevLett.81.1562",
	journal = "Phys. Rev. Lett.",
	volume = "81",
	pages = "1562--1567",
	year = "1998"
}

@article{Pontecorvo1957,
	author = "Pontecorvo, B.",
	title = "{Inverse beta processes and nonconservation of lepton charge}",
	journal = "Zh. Eksp. Teor. Fiz.",
	volume = "34",
	pages = "247",
	year = "1957"
}

@article{Maki1962,
	author = "Maki, Ziro and Nakagawa, Masami and Sakata, Shoichi",
	title = "{Remarks on the unified model of elementary particles}",
	doi = "10.1143/PTP.28.870",
	journal = "Prog. Theor. Phys.",
	volume = "28",
	pages = "870--880",
	year = "1962"
}

@article{Wolfenstein1977,
	author = "Wolfenstein, L.",
	title = "{Neutrino Oscillations in Matter}",
	reportNumber = "COO-3066-102",
	doi = "10.1103/PhysRevD.17.2369",
	journal = "Phys. Rev. D",
	volume = "17",
	pages = "2369--2374",
	year = "1978"
}

@article{Homestake1998,
	author = "Cleveland, B. T. and Daily, Timothy and Davis, Jr., Raymond and Distel, James R. and Lande, Kenneth and Lee, C. K. and Wildenhain, Paul S. and Ullman, Jack",
	title = "{Measurement of the solar electron neutrino flux with the Homestake chlorine detector}",
	doi = "10.1086/305343",
	journal = "Astrophys. J.",
	volume = "496",
	pages = "505--526",
	year = "1998"
}

@article{GALLEX2010,
	author = "Kaether, F. and Hampel, W. and Heusser, G. and Kiko, J. and Kirsten, T.",
	title = "{Reanalysis of the GALLEX solar neutrino flux and source experiments}",
	eprint = "1001.2731",
	archivePrefix = "arXiv",
	primaryClass = "hep-ex",
	doi = "10.1016/j.physletb.2010.01.030",
	journal = "Phys. Lett. B",
	volume = "685",
	pages = "47--54",
	year = "2010"
}

@article{SAGE2009,
	author = "Abdurashitov, J. N. and others",
	collaboration = "SAGE",
	title = "{Measurement of the solar neutrino capture rate with gallium metal. III: Results for the 2002--2007 data-taking period}",
	eprint = "0901.2200",
	archivePrefix = "arXiv",
	primaryClass = "nucl-ex",
	doi = "10.1103/PhysRevC.80.015807",
	journal = "Phys. Rev. C",
	volume = "80",
	pages = "015807",
	year = "2009"
}

@article{Borexino2011,
	author = "Bellini, G. and others",
	title = "{Precision measurement of the 7Be solar neutrino interaction rate in Borexino}",
	eprint = "1104.1816",
	archivePrefix = "arXiv",
	primaryClass = "hep-ex",
	doi = "10.1103/PhysRevLett.107.141302",
	journal = "Phys. Rev. Lett.",
	volume = "107",
	pages = "141302",
	year = "2011"
}

@article{Super-Kamiokande2005,
	author = "Hosaka, J. and others",
	collaboration = "Super-Kamiokande",
	title = "{Solar neutrino measurements in super-Kamiokande-I}",
	eprint = "hep-ex/0508053",
	archivePrefix = "arXiv",
	doi = "10.1103/PhysRevD.73.112001",
	journal = "Phys. Rev. D",
	volume = "73",
	pages = "112001",
	year = "2006"
}

@article{SNO2011,
	author = "Aharmim, B. and others",
	collaboration = "SNO",
	title = "{Combined Analysis of all Three Phases of Solar Neutrino Data from the Sudbury Neutrino Observatory}",
	eprint = "1109.0763",
	archivePrefix = "arXiv",
	primaryClass = "nucl-ex",
	doi = "10.1103/PhysRevC.88.025501",
	journal = "Phys. Rev. C",
	volume = "88",
	pages = "025501",
	year = "2013"
}

@article{Super-Kamiokande2017,
	author = "Abe, K. and others",
	collaboration = "Super-Kamiokande",
	title = "{Atmospheric neutrino oscillation analysis with external constraints in Super-Kamiokande I-IV}",
	eprint = "1710.09126",
	archivePrefix = "arXiv",
	primaryClass = "hep-ex",
	doi = "10.1103/PhysRevD.97.072001",
	journal = "Phys. Rev. D",
	volume = "97",
	number = "7",
	pages = "072001",
	year = "2018"
}

@article{IceCube2017,
	author = "Aartsen, M. G. and others",
	collaboration = "IceCube",
	title = "{Measurement of Atmospheric Neutrino Oscillations at 6\textendash{}56 GeV with IceCube DeepCore}",
	eprint = "1707.07081",
	archivePrefix = "arXiv",
	primaryClass = "hep-ex",
	doi = "10.1103/PhysRevLett.120.071801",
	journal = "Phys. Rev. Lett.",
	volume = "120",
	number = "7",
	pages = "071801",
	year = "2018"
}

@article{KamLAND2013,
	author = "Gando, A. and others",
	collaboration = "KamLAND",
	title = "{Reactor On-Off Antineutrino Measurement with KamLAND}",
	eprint = "1303.4667",
	archivePrefix = "arXiv",
	primaryClass = "hep-ex",
	doi = "10.1103/PhysRevD.88.033001",
	journal = "Phys. Rev. D",
	volume = "88",
	number = "3",
	pages = "033001",
	year = "2013"
}

@article{RENO2018,
	author = "Bak, G. and others",
	collaboration = "RENO",
	title = "{Measurement of Reactor Antineutrino Oscillation Amplitude and Frequency at RENO}",
	eprint = "1806.00248",
	archivePrefix = "arXiv",
	primaryClass = "hep-ex",
	doi = "10.1103/PhysRevLett.121.201801",
	journal = "Phys. Rev. Lett.",
	volume = "121",
	number = "20",
	pages = "201801",
	year = "2018"
}

@article{DayaBay2018,
	author = "Adey, D. and others",
	collaboration = "Daya Bay",
	title = "{Measurement of the Electron Antineutrino Oscillation with 1958 Days of Operation at Daya Bay}",
	eprint = "1809.02261",
	archivePrefix = "arXiv",
	primaryClass = "hep-ex",
	doi = "10.1103/PhysRevLett.121.241805",
	journal = "Phys. Rev. Lett.",
	volume = "121",
	number = "24",
	pages = "241805",
	year = "2018"
}

@article{Nova2020,
	title = {Neutrino mass ordering in light of recent data},
	author = {Kelly, Kevin J. and Machado, Pedro A. N. and Parke, Stephen J. and Perez-Gonzalez, Yuber F. and Funchal, Renata Zukanovich},
	journal = {Phys. Rev. D},
	volume = {103},
	issue = {1},
	pages = {013004},
	numpages = {7},
	year = {2021},
	month = {Jan},
	publisher = {American Physical Society},
	doi = {10.1103/PhysRevD.103.013004},
	url = {https://link.aps.org/doi/10.1103/PhysRevD.103.013004}
}

@unpublished{T2K2020,
	title = "{Latest Neutrino Oscillation Results from T2K}",
	author = {Patrick Dunne},
	year = {2020},
	month = {Jul},
	publisher = {Zenodo},
	doi = {10.5281/zenodo.4154355},
	url = {https://doi.org/10.5281/zenodo.4154355}
}

@article{MINOS2014,
	author = "Adamson, P. and others",
	collaboration = "MINOS",
	title = "{Combined analysis of $\nu_{\mu}$ disappearance and $\nu_{\mu} \rightarrow \nu_{e}$ appearance in MINOS using accelerator and atmospheric neutrinos}",
	eprint = "1403.0867",
	archivePrefix = "arXiv",
	primaryClass = "hep-ex",
	reportNumber = "FERMILAB-PUB-14-028-E-PPD",
	doi = "10.1103/PhysRevLett.112.191801",
	journal = "Phys. Rev. Lett.",
	volume = "112",
	pages = "191801",
	year = "2014"
}

@article{K2K2006,
	author = "Ahn, M. H. and others",
	collaboration = "K2K",
	title = "{Measurement of Neutrino Oscillation by the K2K Experiment}",
	eprint = "hep-ex/0606032",
	archivePrefix = "arXiv",
	doi = "10.1103/PhysRevD.74.072003",
	journal = "Phys. Rev. D",
	volume = "74",
	pages = "072003",
	year = "2006"
}

@article{DUNE2020,
	author = "Abi, B. and others",
	collaboration = "DUNE",
	title = "{Long-baseline neutrino oscillation physics potential of the DUNE experiment}",
	eprint = "2006.16043",
	archivePrefix = "arXiv",
	primaryClass = "hep-ex",
	reportNumber = "FERMILAB-PUB-20-251-E-LBNF-ND-PIP2-SCD",
	doi = "10.1140/epjc/s10052-020-08456-z",
	journal = "Eur. Phys. J. C",
	volume = "80",
	number = "10",
	pages = "978",
	year = "2020"
}

@article{Hyper-Kamiokande2019,
	author = "Walker, John",
	collaboration = "Hyper-Kamiokande",
	title = "{Physics potential of Hyper-Kamiokande for neutrino oscillation measurements}",
	doi = "10.22323/1.369.0040",
	journal = "PoS",
	volume = "NuFact2019",
	pages = "040",
	year = "2019"
}

@article{deSalas2020,
	author = "de Salas, P. F. and Forero, D. V. and Gariazzo, S. and Mart\'\i{}nez-Mirav\'e, P. and Mena, O. and Ternes, C. A. and T\'ortola, M. and Valle, J. W. F.",
	title = "{2020 global reassessment of the neutrino oscillation picture}",
	eprint = "2006.11237",
	archivePrefix = "arXiv",
	primaryClass = "hep-ph",
	doi = "10.1007/JHEP02(2021)071",
	journal = "JHEP",
	volume = "02",
	pages = "071",
	year = "2021"
}

@article{Super-Kamiokande2009,
	author = "Nishino, H. and others",
	collaboration = "Super-Kamiokande",
	title = "{Search for Proton Decay via $p \rightarrow e^{+} \pi_{0}$ and $p \rightarrow \mu^{+} \pi_{0}$ in a Large Water Cherenkov Detector}",
	eprint = "0903.0676",
	archivePrefix = "arXiv",
	primaryClass = "hep-ex",
	doi = "10.1103/PhysRevLett.102.141801",
	journal = "Phys. Rev. Lett.",
	volume = "102",
	pages = "141801",
	year = "2009"
}

@inproceedings{Raby2006,
	author = "Raby, Stuart",
	title = "{Grand Unified Theories}",
	booktitle = "{2nd World Summit: Physics Beyond the Standard Model}",
	eprint = "hep-ph/0608183",
	archivePrefix = "arXiv",
	month = "8",
	year = "2006"
}

@article{Kamiokande-II1987,
	author = "Hirata, K. and others",
	editor = "Wali, K. C.",
	collaboration = "Kamiokande-II",
	title = "{Observation of a Neutrino Burst from the Supernova SN 1987a}",
	reportNumber = "UT-ICEPP-87-01, UPR-142E",
	doi = "10.1103/PhysRevLett.58.1490",
	journal = "Phys. Rev. Lett.",
	volume = "58",
	pages = "1490--1493",
	year = "1987"
}

@article{Bionta1987,
	author = "Bionta, R. M. and others",
	title = "{Observation of a Neutrino Burst in Coincidence with Supernova SN 1987a in the Large Magellanic Cloud}",
	reportNumber = "UCI-NEUTRINO-87-10",
	doi = "10.1103/PhysRevLett.58.1494",
	journal = "Phys. Rev. Lett.",
	volume = "58",
	pages = "1494",
	year = "1987"
}

@Article{McClellan2005,
  author    = {J.H. McClellan and T.W. Parks},
  journal   = {{IEEE} Signal Processing Magazine},
  title     = {A personal history of the {Parks}-{McClellan} algorithm},
  year      = {2005},
  month     = {mar},
  number    = {2},
  pages     = {82--86},
  volume    = {22},
  doi       = {10.1109/msp.2005.1406492},
  publisher = {Institute of Electrical and Electronics Engineers ({IEEE})},
}

@Article{Turin1960,
  author    = {G. Turin},
  journal   = {{IEEE} Transactions on Information Theory},
  title     = {An introduction to matched filters},
  year      = {1960},
  month     = {jun},
  number    = {3},
  pages     = {311--329},
  volume    = {6},
  doi       = {10.1109/tit.1960.1057571},
  publisher = {Institute of Electrical and Electronics Engineers ({IEEE})},
}

@Article{Dwork1950,
  author    = {B.M. Dwork},
  journal   = {Proceedings of the {IRE}},
  title     = {Detection of a Pulse Superimposed on Fluctuation Noise},
  year      = {1950},
  month     = {jul},
  number    = {7},
  pages     = {771--774},
  volume    = {38},
  doi       = {10.1109/jrproc.1950.233435},
  publisher = {Institute of Electrical and Electronics Engineers ({IEEE})},
}

@Article{Stehman1997,
  author    = {Stephen V. Stehman},
  journal   = {Remote Sensing of Environment},
  title     = {Selecting and interpreting measures of thematic classification accuracy},
  year      = {1997},
  month     = {oct},
  number    = {1},
  pages     = {77--89},
  volume    = {62},
  doi       = {10.1016/s0034-4257(97)00083-7},
  publisher = {Elsevier {BV}},
}

@Article{Taha2015,
  author    = {Abdel Aziz Taha and Allan Hanbury},
  journal   = {{BMC} Medical Imaging},
  title     = {Metrics for evaluating 3D medical image segmentation: analysis, selection, and tool},
  year      = {2015},
  month     = {aug},
  number    = {1},
  volume    = {15},
  doi       = {10.1186/s12880-015-0068-x},
  publisher = {Springer Science and Business Media {LLC}},
}

@misc{dtp-simulation,
	author = "{{DUNE DAQ}}",
	title = "{dtp-simulation}",
	year = 2020,
	howpublished = "\url{https://gitlab.cern.ch/dune-daq/readout/dtp-simulation}",
	note = "[Online; accessed 2021-11-28]"
}

@Misc{dtpemulator,
  author       = {{{DUNE DAQ}}},
  howpublished = {\url{https://github.com/DUNE-DAQ/dtpemulator/tree/fmlopez/filter_ana}},
  note         = {[Online; accessed 2021-11-28]},
  title        = {{dtpemulator}},
  year         = {2022},
}

@misc{dtp-firmware,
	author = "{{DUNE DAQ}}",
	title = "{dtp-firmware}",
	year = 2020,
	howpublished = "\url{https://gitlab.cern.ch/dune-daq/readout/dtp-firmware}",
	note = "[Online; accessed 2021-11-28]"
}

@Book{Goodman1985,
  author    = {Goodman, J. W.},
  publisher = {Wiley},
  title     = {Statistical Optics},
  year      = {1985},
  place     = {New York, NY},
}

@Book{Wainstein1962,
  author    = {Wainstein, L.A. and Zubakov, V.D.},
  publisher = {Prentice-Hall},
  title     = {Extraction of Signals from Noise},
  year      = {1962},
}

@Article{Church2013,
  author        = {Eric D. Church},
  title         = {LArSoft: A Software Package for Liquid Argon Time Projection Drift Chambers},
  year          = {2013},
  month         = nov,
  abstract      = {We describe in these GLA2011 proceedings the software package LArSoft, a toolkit to perform simulation, analysis and reconstruction with the Liquid Argon (LAr) Time Projection Chambers (TPCs) within the US program of proposed detectors. We demonstrate that LArSoft is a fast-maturing, sophisticated package which has taken on important analyses already, and which stands ready to be adopted by as many as five Liquid Argon Time Projection Chambers.},
  archiveprefix = {arXiv},
  date          = {2013-11-26},
  eprint        = {1311.6774},
  eprintclass   = {physics.ins-det},
  eprinttype    = {arXiv},
  file          = {:http\://arxiv.org/pdf/1311.6774v2:PDF},
  keywords      = {physics.ins-det, hep-ex},
  primaryclass  = {physics.ins-det},
}

@article{Bertone2004,
	author = "Bertone, Gianfranco and Hooper, Dan and Silk, Joseph",
	title = "{Particle dark matter: Evidence, candidates and constraints}",
	eprint = "hep-ph/0404175",
	archivePrefix = "arXiv",
	reportNumber = "FERMILAB-PUB-04-047-A",
	doi = "10.1016/j.physrep.2004.08.031",
	journal = "Phys. Rept.",
	volume = "405",
	pages = "279--390",
	year = "2005"
}

@article{Lee1977,
	author = "Lee, Benjamin W. and Weinberg, Steven",
	editor = "Srednicki, M. A.",
	title = "{Cosmological Lower Bound on Heavy Neutrino Masses}",
	reportNumber = "FERMILAB-PUB-77-41-THY, FERMILAB-PUB-77-041-T",
	doi = "10.1103/PhysRevLett.39.165",
	journal = "Phys. Rev. Lett.",
	volume = "39",
	pages = "165--168",
	year = "1977"
}

@article{Jungman1995,
	author = "Jungman, Gerard and Kamionkowski, Marc and Griest, Kim",
	title = "{Supersymmetric dark matter}",
	eprint = "hep-ph/9506380",
	archivePrefix = "arXiv",
	reportNumber = "SU-4240-605, UCSD-PTH-95-02, IASSNS-HEP-95-14, CU-TP-677",
	doi = "10.1016/0370-1573(95)00058-5",
	journal = "Phys. Rept.",
	volume = "267",
	pages = "195--373",
	year = "1996"
}

@article{DUNE2020TDR1,
    author = "Abi, Babak and others",
    collaboration = "DUNE",
    title = "{Deep Underground Neutrino Experiment (DUNE), Far Detector Technical Design Report, Volume I Introduction to DUNE}",
    eprint = "2002.02967",
    archivePrefix = "arXiv",
    primaryClass = "physics.ins-det",
    reportNumber = "FERMILAB-PUB-20-024-ND, FERMILAB-DESIGN-2020-01",
    doi = "10.1088/1748-0221/15/08/T08008",
    journal = "JINST",
    volume = "15",
    number = "08",
    pages = "T08008",
    year = "2020"
}

@article{DUNE2020TDR2,
    author = "Abi, Babak and others",
    collaboration = "DUNE",
    title = "{Deep Underground Neutrino Experiment (DUNE), Far Detector Technical Design Report, Volume II: DUNE Physics}",
    eprint = "2002.03005",
    archivePrefix = "arXiv",
    primaryClass = "hep-ex",
    reportNumber = "FERMILAB-PUB-20-025-ND, FERMILAB-DESIGN-2020-02",
    month = "2",
    year = "2020"
}

@article{DUNE2020TDR3,
    author = "Abi, Babak and others",
    collaboration = "DUNE",
    title = "{Deep Underground Neutrino Experiment (DUNE), Far Detector Technical Design Report, Volume III: DUNE Far Detector Technical Coordination}",
    eprint = "2002.03008",
    archivePrefix = "arXiv",
    primaryClass = "physics.ins-det",
    reportNumber = "FERMILAB-PUB-20-026-ND",
    doi = "10.1088/1748-0221/15/08/T08009",
    journal = "JINST",
    volume = "15",
    number = "08",
    pages = "T08009",
    year = "2020"
}

@article{DUNE2020TDR4,
    author = "Abi, Babak and others",
    collaboration = "DUNE",
    title = "{Deep Underground Neutrino Experiment (DUNE), Far Detector Technical Design Report, Volume IV: Far Detector Single-phase Technology}",
    eprint = "2002.03010",
    archivePrefix = "arXiv",
    primaryClass = "physics.ins-det",
    reportNumber = "FERMILAB-PUB-20-027-ND, FERMILAB-DESIGN-2020-04",
    doi = "10.1088/1748-0221/15/08/T08010",
    journal = "JINST",
    volume = "15",
    number = "08",
    pages = "T08010",
    year = "2020"
}

@article{DUNEVDTDR,
    author = "Abed Abud, Adam and others",
    collaboration = "DUNE",
    title = "{The DUNE Far Detector Vertical Drift Technology, Technical Design Report}",
    eprint = "2312.03130",
    archivePrefix = "arXiv",
    primaryClass = "hep-ex",
    reportNumber = "Fermilab Report no: TM-2813-LBNF, FERMILAB-TM-2813-LBNF",
    month = "12",
    year = "2023"
}

@article{DUNE2021NDCDR,
    author = "Hewes, V. and others",
    collaboration = "DUNE",
    title = "{Deep Underground Neutrino Experiment (DUNE) Near Detector Conceptual Design Report}",
    eprint = "2103.13910",
    archivePrefix = "arXiv",
    primaryClass = "physics.ins-det",
    reportNumber = "FERMILAB-PUB-21-067-E-LBNF-PPD-SCD-T",
    doi = "10.3390/instruments5040031",
    journal = "Instruments",
    volume = "5",
    number = "4",
    pages = "31",
    year = "2021"
}

@article{DUNE2020BSM,
    author = "Abi, B. and others",
    collaboration = "DUNE",
    title = "{Prospects for beyond the Standard Model physics searches at the Deep Underground Neutrino Experiment}",
    eprint = "2008.12769",
    archivePrefix = "arXiv",
    primaryClass = "hep-ex",
    reportNumber = "FERMILAB-PUB-20-459-LBNF-ND, FERMILAB-PUB-20-459-LBNF-ND",
    doi = "10.1140/epjc/s10052-021-09007-w",
    journal = "Eur. Phys. J. C",
    volume = "81",
    number = "4",
    pages = "322",
    year = "2021"
}

@article{DUNE2022Snowmass,
    author = "Abed Abud, A. and others",
    collaboration = "DUNE",
    title = "{Snowmass Neutrino Frontier: DUNE Physics Summary}",
    eprint = "2203.06100",
    archivePrefix = "arXiv",
    primaryClass = "hep-ex",
    reportNumber = "FERMILAB-FN-1168-LBNF",
    month = "3",
    year = "2022"
}

@article{Silk1985,
	author = "Silk, Joseph and Olive, Keith A. and Srednicki, Mark",
	editor = "Srednicki, M. A.",
	title = "{The Photino, the Sun and High-Energy Neutrinos}",
	reportNumber = "FERMILAB-PUB-85-062-A",
	doi = "10.1103/PhysRevLett.55.257",
	journal = "Phys. Rev. Lett.",
	volume = "55",
	pages = "257--259",
	year = "1985"
}

@article{Srednicki1986,
	author = "Srednicki, Mark and Olive, Keith A. and Silk, Joseph",
	title = "{High-Energy Neutrinos from the Sun and Cold Dark Matter}",
	reportNumber = "UMN-TH-553/86",
	doi = "10.1016/0550-3213(87)90020-4",
	journal = "Nucl. Phys. B",
	volume = "279",
	pages = "804--823",
	year = "1987"
}

@article{Hagelin1986,
	author = "Hagelin, John S. and Ng, K. W. and Olive, Keith A.",
	title = "{A High-energy Neutrino Signature From Supersymmetric Relics}",
	reportNumber = "UMN-TH-566/86, MIU-THP-86/12",
	doi = "10.1016/0370-2693(86)91205-0",
	journal = "Phys. Lett. B",
	volume = "180",
	pages = "375--380",
	year = "1986"
}

@article{Gaisser1986,
	author = "Gaisser, T. K. and Steigman, G. and Tilav, S.",
	title = "{Limits on Cold Dark Matter Candidates from Deep Underground Detectors}",
	reportNumber = "BA-86-42",
	doi = "10.1103/PhysRevD.34.2206",
	journal = "Phys. Rev. D",
	volume = "34",
	pages = "2206",
	year = "1986"
}

@article{Bernal2012,
	author = "Bernal, Nicol\'as and Mart\'\i{}n-Albo, Justo and Palomares-Ruiz, Sergio",
	title = "{A novel way of constraining WIMPs annihilations in the Sun: MeV neutrinos}",
	eprint = "1208.0834",
	archivePrefix = "arXiv",
	primaryClass = "hep-ph",
	reportNumber = "BONN-TH-2012-19, IFIC-12-57, CFTP-12-012",
	doi = "10.1088/1475-7516/2013/08/011",
	journal = "JCAP",
	volume = "08",
	pages = "011",
	year = "2013"
}

@article{Rott2012,
	author = "Rott, Carsten and Siegal-Gaskins, Jennifer and Beacom, John F.",
	title = "{New Sensitivity to Solar WIMP Annihilation using Low-Energy Neutrinos}",
	eprint = "1208.0827",
	archivePrefix = "arXiv",
	primaryClass = "astro-ph.HE",
	doi = "10.1103/PhysRevD.88.055005",
	journal = "Phys. Rev. D",
	volume = "88",
	pages = "055005",
	year = "2013"
}

@article{Rott2015,
	author = "Rott, Carsten and In, Seongjin and Kumar, Jason and Yaylali, David",
	title = "{Dark Matter Searches for Monoenergetic Neutrinos Arising from Stopped Meson Decay in the Sun}",
	eprint = "1510.00170",
	archivePrefix = "arXiv",
	primaryClass = "hep-ph",
	reportNumber = "UH511-1249-15, CETUP2015-020",
	doi = "10.1088/1475-7516/2015/11/039",
	journal = "JCAP",
	volume = "11",
	pages = "039",
	year = "2015"
}

@article{DUNE2021,
	author = "Abud, A. Abed and others",
	collaboration = "DUNE",
	title = "{Searching for solar KDAR with DUNE}",
	eprint = "2107.09109",
	archivePrefix = "arXiv",
	primaryClass = "hep-ex",
	reportNumber = "FERMILAB-PUB-21-322-LBNF-ND",
	doi = "10.1088/1475-7516/2021/10/065",
	journal = "JCAP",
	volume = "10",
	pages = "065",
	year = "2021"
}

@article{Busoni2013,
	author = "Busoni, Giorgio and De Simone, Andrea and Huang, Wei-Chih",
	title = "{On the Minimum Dark Matter Mass Testable by Neutrinos from the Sun}",
	eprint = "1305.1817",
	archivePrefix = "arXiv",
	primaryClass = "hep-ph",
	reportNumber = "CERN-PH-TH-2013-091, SISSA-19-2013-FISI",
	doi = "10.1088/1475-7516/2013/07/010",
	journal = "JCAP",
	volume = "07",
	pages = "010",
	year = "2013"
}

@article{Palomares2017,
    author = "Garani, Raghuveer and Palomares-Ruiz, Sergio",
    title = "{Dark matter in the Sun: scattering off electrons vs nucleons}",
    eprint = "1702.02768",
    archivePrefix = "arXiv",
    primaryClass = "hep-ph",
    reportNumber = "IFIC-17-03",
    doi = "10.1088/1475-7516/2017/05/007",
    journal = "JCAP",
    volume = "05",
    pages = "007",
    year = "2017"
}

@article{Bednyakov2004,
    author = "Bednyakov, V. A. and Simkovic, F.",
    title = "{Nuclear spin structure in dark matter search: The Zero momentum transfer limit}",
    eprint = "hep-ph/0406218",
    archivePrefix = "arXiv",
    journal = "Phys. Part. Nucl.",
    volume = "36",
    pages = "131--152",
    year = "2005"
}

@article{Gould1987,
    author = "Gould, Andrew",
    title = "{{WIMP} Distribution in and Evaporation From the Sun}",
    reportNumber = "SLAC-PUB-4162",
    doi = "10.1086/165652",
    journal = "Astrophys. J.",
    volume = "321",
    pages = "560",
    year = "1987"
}

@article{Bahcall2004,
    author = "Bahcall, John N. and Serenelli, Aldo M. and Basu, Sarbani",
    title = "{New solar opacities, abundances, helioseismology, and neutrino fluxes}",
    eprint = "astro-ph/0412440",
    archivePrefix = "arXiv",
    doi = "10.1086/428929",
    journal = "Astrophys. J. Lett.",
    volume = "621",
    pages = "L85--L88",
    year = "2005"
}

@article{Bahcall2000,
    author = "Bahcall, John N. and Pinsonneault, M. H. and Basu, Sarbani",
    title = "{Solar models: Current epoch and time dependences, neutrinos, and helioseismological properties}",
    eprint = "astro-ph/0010346",
    archivePrefix = "arXiv",
    doi = "10.1086/321493",
    journal = "Astrophys. J.",
    volume = "555",
    pages = "990--1012",
    year = "2001"
}

@article{Golan2012,
	author = "Golan, T. and Sobczyk, J. T. and Zmuda, J.",
	editor = "Tzanakos, George S.",
	title = "{NuWro: the Wroclaw Monte Carlo Generator of Neutrino Interactions}",
	doi = "10.1016/j.nuclphysbps.2012.09.136",
	journal = "Nucl. Phys. B Proc. Suppl.",
	volume = "229-232",
	pages = "499--499",
	year = "2012"
}

@article{Honda2015,
	author = "Honda, M. and Sajjad Athar, M. and Kajita, T. and Kasahara, K. and Midorikawa, S.",
	title = "{Atmospheric neutrino flux calculation using the NRLMSISE-00 atmospheric model}",
	eprint = "1502.03916",
	archivePrefix = "arXiv",
	primaryClass = "astro-ph.HE",
	doi = "10.1103/PhysRevD.92.023004",
	journal = "Phys. Rev. D",
	volume = "92",
	number = "2",
	pages = "023004",
	year = "2015"
}

@article{Cowan2010,
	author = "Cowan, Glen and Cranmer, Kyle and Gross, Eilam and Vitells, Ofer",
	title = "{Asymptotic formulae for likelihood-based tests of new physics}",
	eprint = "1007.1727",
	archivePrefix = "arXiv",
	primaryClass = "physics.data-an",
	doi = "10.1140/epjc/s10052-011-1554-0",
	journal = "Eur. Phys. J. C",
	volume = "71",
	pages = "1554",
	year = "2011",
	note = "[Erratum: Eur.Phys.J.C 73, 2501 (2013)]"
}

@article{Kaluza1921,
	author = "Kaluza, Th.",
	title = {{Zum Unit\"atsproblem der Physik}},
	eprint = "1803.08616",
	archivePrefix = "arXiv",
	primaryClass = "physics.hist-ph",
	reportNumber = "HUPD-8401",
	doi = "10.1142/S0218271818700017",
	journal = "Sitzungsber. Preuss. Akad. Wiss. Berlin (Math. Phys. )",
	volume = "1921",
	pages = "966--972",
	year = "1921"
}

@article{Klein1926,
	author = "Klein, Oskar",
	editor = "Taylor, J. C.",
	title = "{Quantum Theory and Five-Dimensional Theory of Relativity. (In German and English)}",
	doi = "10.1007/BF01397481",
	journal = "Z. Phys.",
	volume = "37",
	pages = "895--906",
	year = "1926"
}

@article{Appelquist2000,
	author = "Appelquist, Thomas and Cheng, Hsin-Chia and Dobrescu, Bogdan A.",
	title = "{Bounds on universal extra dimensions}",
	eprint = "hep-ph/0012100",
	archivePrefix = "arXiv",
	reportNumber = "YCTP-P12-00, EFI-2000-48, EFI--2000-48",
	doi = "10.1103/PhysRevD.64.035002",
	journal = "Phys. Rev. D",
	volume = "64",
	pages = "035002",
	year = "2001"
}

@article{Arkani-Hamed1998,
	author = "Arkani-Hamed, Nima and Dimopoulos, Savas and Dvali, G. R.",
	title = "{The Hierarchy problem and new dimensions at a millimeter}",
	eprint = "hep-ph/9803315",
	archivePrefix = "arXiv",
	reportNumber = "SLAC-PUB-7769, SU-ITP-98-13",
	doi = "10.1016/S0370-2693(98)00466-3",
	journal = "Phys. Lett. B",
	volume = "429",
	pages = "263--272",
	year = "1998"
}

@article{Randall1999,
	author = "Randall, Lisa and Sundrum, Raman",
	title = "{A Large mass hierarchy from a small extra dimension}",
	eprint = "hep-ph/9905221",
	archivePrefix = "arXiv",
	reportNumber = "MIT-CTP-2860, PUPT-1860, BUHEP-99-9",
	doi = "10.1103/PhysRevLett.83.3370",
	journal = "Phys. Rev. Lett.",
	volume = "83",
	pages = "3370--3373",
	year = "1999"
}

@article{Servant2002,
    author = "Servant, Geraldine and Tait, Timothy M. P.",
    title = "{Is the lightest Kaluza-Klein particle a viable dark matter candidate?}",
    eprint = "hep-ph/0206071",
    archivePrefix = "arXiv",
    reportNumber = "ANL-HEP-PR-02-032, EFI-02-74",
    doi = "10.1016/S0550-3213(02)01012-X",
    journal = "Nucl. Phys. B",
    volume = "650",
    pages = "391--419",
    year = "2003"
}

@article{Cheng2002,
    author = "Cheng, Hsin-Chia and Matchev, Konstantin T. and Schmaltz, Martin",
    title = "{Radiative corrections to Kaluza-Klein masses}",
    eprint = "hep-ph/0204342",
    archivePrefix = "arXiv",
    reportNumber = "EFI-02-73, UFIFT-HEP-02-6, BUHEP-02-20",
    doi = "10.1103/PhysRevD.66.036005",
    journal = "Phys. Rev. D",
    volume = "66",
    pages = "036005",
    year = "2002"
}

@article{Blennow2007,
	author = "Blennow, Mattias and Edsjö, Joakim and Ohlsson, Tommy",
	title = "{Neutrinos from WIMP annihilations using a full three-flavor Monte Carlo}",
	eprint = "0709.3898",
	archivePrefix = "arXiv",
	primaryClass = "hep-ph",
	doi = "10.1088/1475-7516/2008/01/021",
	journal = "JCAP",
	volume = "01",
	pages = "021",
	year = "2008"
}

@electronic{WimpSim,
	author = "{{J. Edsjö, J. Elevant and C. Niblaeus}}",
	title = "{WimpSim Neutrino Monte Carlo}",
	howpublished = "\url{http://wimpsim.astroparticle.se/}"
}

@Article{Bernadich2019,
  author        = {M. {Colom i Bernadich} and C. {Pérez de los Heros}},
  journal       = {Eur. Phys. J. C, 80 2 (2020) 129},
  title         = "{Limits on Kaluza-Klein dark matter annihilation in the Sun from recent IceCube results}",
  year          = {2019},
  month         = dec,
  number        = {2},
  volume        = {80},
  abstract      = {We interpret recent IceCube results on searches for dark matter accumulated in the sun in terms of the lightest Kaluza-Klein excitation (assumed here to be the Kaluza-Klein photon, $B^1$), obtaining improved limits on the annihilation rate in the Sun, the resulting neutrino flux at the Earth and on the $B^1$-proton cross-sections, for $B^1$ masses in the range 30--3000 GeV. These results improve previous results from IceCube in its 22-string configuration by up to an order of magnitude, depending on mass, but also extend the results to $B^1$ masses as low as 30 GeV.},
  archiveprefix = {arXiv},
  date          = {2019-12-10},
  doi           = {10.1140/epjc/s10052-020-7708-1},
  eprint        = {1912.04585},
  eprintclass   = {astro-ph.HE},
  eprinttype    = {arXiv},
  file          = {:http\://arxiv.org/pdf/1912.04585v1:PDF},
  journaltitle  = {Eur. Phys. J. C, 80 2 (2020) 129},
  keywords      = {astro-ph.HE, hep-ex},
  primaryclass  = {astro-ph.HE},
  publisher     = {Springer Science and Business Media {LLC}},
}

@article{Zornoza2012,
	author = "Zornoza, J. D.",
	editor = "Anton, G. and others",
	collaboration = "ANTARES",
	title = "{Search for Dark Matter in the Sun with the ANTARES Neutrino Telescope in the CMSSM and mUED frameworks}",
	eprint = "1204.5290",
	archivePrefix = "arXiv",
	primaryClass = "astro-ph.HE",
	doi = "10.1016/j.nima.2012.12.058",
	journal = "Nucl. Instrum. Meth. A",
	volume = "725",
	pages = "76--79",
	year = "2013"
}

@article{Deutschmann2017,
	author = "Deutschmann, Nicolas and Flacke, Thomas and Kim, Jong Soo",
	title = "{Current LHC Constraints on Minimal Universal Extra Dimensions}",
	eprint = "1702.00410",
	archivePrefix = "arXiv",
	primaryClass = "hep-ph",
	reportNumber = "CTPU-17-02, LYCEN-2017-01",
	doi = "10.1016/j.physletb.2017.06.004",
	journal = "Phys. Lett. B",
	volume = "771",
	pages = "515--520",
	year = "2017"
}

@article{Haisch2007,
	author = "Haisch, Ulrich and Weiler, Andreas",
	title = "{Bound on minimal universal extra dimensions from anti-B ---\ensuremath{>} X(s)gamma}",
	eprint = "hep-ph/0703064",
	archivePrefix = "arXiv",
	reportNumber = "ZU-TH-4-07, CLNS-07-1992",
	doi = "10.1103/PhysRevD.76.034014",
	journal = "Phys. Rev. D",
	volume = "76",
	pages = "034014",
	year = "2007"
}

@article{Freitas2008,
	author = "Freitas, Ayres and Haisch, Ulrich",
	title = "{Anti-B ---\ensuremath{>} X(s) gamma in two universal extra dimensions}",
	eprint = "0801.4346",
	archivePrefix = "arXiv",
	primaryClass = "hep-ph",
	reportNumber = "ANL-HEP-PR-08-04, MZ-TH-08-03, ZU-TH-01-08",
	doi = "10.1103/PhysRevD.77.093008",
	journal = "Phys. Rev. D",
	volume = "77",
	pages = "093008",
	year = "2008"
}

@article{Rott2019,
    author = "Rott, Carsten and Jeong, DongYoung and Kumar, Jason and Yaylali, David",
    title = "{Neutrino Topology Reconstruction at DUNE and Applications to Searches for Dark Matter Annihilation in the Sun}",
    eprint = "1903.04175",
    archivePrefix = "arXiv",
    primaryClass = "astro-ph.HE",
    reportNumber = "UH-511-1300-18",
    doi = "10.1088/1475-7516/2019/07/006",
    journal = "JCAP",
    volume = "07",
    pages = "006",
    year = "2019"
}

@article{scikit-learn,
 title={Scikit-learn: Machine Learning in {P}ython},
 author={Pedregosa, F. and Varoquaux, G. and Gramfort, A. and Michel, V.
         and Thirion, B. and Grisel, O. and Blondel, M. and Prettenhofer, P.
         and Weiss, R. and Dubourg, V. and Vanderplas, J. and Passos, A. and
         Cournapeau, D. and Brucher, M. and Perrot, M. and Duchesnay, E.},
 journal={Journal of Machine Learning Research},
 volume={12},
 pages={2825--2830},
 year={2011},
 url={http://jmlr.org/papers/v12/pedregosa11a.html}
}

@article{IceCube2021,
    author = "Abbasi, R. and others",
    collaboration = "IceCube",
    title = "{Search for GeV-scale dark matter annihilation in the Sun with IceCube DeepCore}",
    eprint = "2111.09970",
    archivePrefix = "arXiv",
    primaryClass = "astro-ph.HE",
    doi = "10.1103/PhysRevD.105.062004",
    journal = "Phys. Rev. D",
    volume = "105",
    number = "6",
    pages = "062004",
    year = "2022"
}

@article{Chen2014,
    author = "Chen, Chian-Shu and Lee, Fei-Fan and Lin, Guey-Lin and Lin, Yen-Hsun",
    title = "{Probing Dark Matter Self-Interaction in the Sun with IceCube-PINGU}",
    eprint = "1408.5471",
    archivePrefix = "arXiv",
    primaryClass = "hep-ph",
    doi = "10.1088/1475-7516/2014/10/049",
    journal = "JCAP",
    volume = "10",
    pages = "049",
    year = "2014"
}

@article{Bell2021,
    author = "Bell, Nicole F. and Dolan, Matthew J. and Robles, Sandra",
    title = "{Searching for dark matter in the Sun using Hyper-Kamiokande}",
    eprint = "2107.04216",
    archivePrefix = "arXiv",
    primaryClass = "hep-ph",
    doi = "10.1088/1475-7516/2021/11/004",
    journal = "JCAP",
    volume = "11",
    pages = "004",
    year = "2021"
}

@article{Behnke2016,
    author = "Behnke, E. and others",
    title = "{Final Results of the PICASSO Dark Matter Search Experiment}",
    eprint = "1611.01499",
    archivePrefix = "arXiv",
    primaryClass = "hep-ex",
    doi = "10.1016/j.astropartphys.2017.02.005",
    journal = "Astropart. Phys.",
    volume = "90",
    pages = "85--92",
    year = "2017"
}

@article{PICO2019,
    author = "Amole, C. and others",
    collaboration = "PICO",
    title = "{Dark Matter Search Results from the Complete Exposure of the PICO-60 C$_3$F$_8$ Bubble Chamber}",
    eprint = "1902.04031",
    archivePrefix = "arXiv",
    primaryClass = "astro-ph.CO",
    reportNumber = "FERMILAB-PUB-19-073-AE-E",
    doi = "10.1103/PhysRevD.100.022001",
    journal = "Phys. Rev. D",
    volume = "100",
    number = "2",
    pages = "022001",
    year = "2019"
}

@article{ParticleDataGroup2020,
    author = "Zyla, P. A. and others",
    collaboration = "Particle Data Group",
    title = "{Review of Particle Physics}",
    doi = "10.1093/ptep/ptaa104",
    journal = "PTEP",
    volume = "2020",
    number = "8",
    pages = "083C01",
    year = "2020"
}

@article{Beltran2008,
    author = "Beltran, Maria and Hooper, Dan and Kolb, Edward W. and Krusberg, Zosia C.",
    title = "{Deducing the nature of dark matter from direct and indirect detection experiments in the absence of collider signatures of new physics}",
    eprint = "0808.3384",
    archivePrefix = "arXiv",
    primaryClass = "hep-ph",
    reportNumber = "FERMILAB-PUB-08-308-A",
    doi = "10.1103/PhysRevD.80.043509",
    journal = "Phys. Rev. D",
    volume = "80",
    pages = "043509",
    year = "2009"
}

@article{Planck2018,
    author = "Aghanim, N. and others",
    collaboration = "Planck",
    title = "{Planck 2018 results. VI. Cosmological parameters}",
    eprint = "1807.06209",
    archivePrefix = "arXiv",
    primaryClass = "astro-ph.CO",
    doi = "10.1051/0004-6361/201833910",
    journal = "Astron. Astrophys.",
    volume = "641",
    pages = "A6",
    year = "2020",
    note = "[Erratum: Astron.Astrophys. 652, C4 (2021)]"
}

@article{DarkSide2018,
    author = "Agnes, P. and others",
    collaboration = "DarkSide",
    title = "{Constraints on Sub-GeV Dark-Matter\textendash{}Electron Scattering from the DarkSide-50 Experiment}",
    eprint = "1802.06998",
    archivePrefix = "arXiv",
    primaryClass = "astro-ph.CO",
    reportNumber = "FERMILAB-PUB-18-052-AD-AE-CD-E",
    doi = "10.1103/PhysRevLett.121.111303",
    journal = "Phys. Rev. Lett.",
    volume = "121",
    number = "11",
    pages = "111303",
    year = "2018"
}

@article{XENON2019,
    author = "Aprile, E. and others",
    collaboration = "XENON",
    title = "{Light Dark Matter Search with Ionization Signals in XENON1T}",
    eprint = "1907.11485",
    archivePrefix = "arXiv",
    primaryClass = "hep-ex",
    doi = "10.1103/PhysRevLett.123.251801",
    journal = "Phys. Rev. Lett.",
    volume = "123",
    number = "25",
    pages = "251801",
    year = "2019"
}

@article{Kopp2009,
    author = "Kopp, Joachim and Niro, Viviana and Schwetz, Thomas and Zupan, Jure",
    title = "{DAMA/LIBRA and leptonically interacting Dark Matter}",
    eprint = "0907.3159",
    archivePrefix = "arXiv",
    primaryClass = "hep-ph",
    reportNumber = "CERN-PH-TH-2009-116",
    doi = "10.1103/PhysRevD.80.083502",
    journal = "Phys. Rev. D",
    volume = "80",
    pages = "083502",
    year = "2009"
}

@Talk{TheaDaresbury,
  author  = {Alessandro Thea},
  journal = {LBNF/DUNE-UK Project meeting at Daresbury Lab,},
  title   = "{\href{https://indico.fnal.gov/event/54624/contributions/242116/subcontributions/8522/attachments/156740/204685/DUNEUK_DAQ_overview_activities_CERN_thea.pdf}{Overview of DAQ and CERN Activities - Cold boxes and ProtoDUNE-II}}",
  year    = {2022},
  month   = {July}
}

@Talk{HristovaDAQ,
  author  = {Ivana Hristova},
  journal = {DUNE DAQ Monthly Meeting,},
  title   = "{\href{https://indico.fnal.gov/event/54898/contributions/246441/attachments/157273/205656/FWTPs_DAQMeeting_20220718.pdf}{Firmware trigger primitive studies at VD ColdBox}}",
  year    = {2022},
  month   = {July}
}

@Talk{MartinezDAQ,
  author  = {F. {Mart\'{i}nez L\'{o}pez} and K. Wawrowska and S. Bhuller},
  journal = {DUNE DAQ Monthly Meeting,},
  title   = "{\href{https://indico.fnal.gov/event/56612/contributions/252271/attachments/160655/211734/DAQ\%20Report.pdf}{Current status of Trigger Primitive generation in firmware}}",
  year    = {2022},
  month   = {October}
}

@misc{dtpfeedbacktools,
  author       = {{{DUNE DAQ}}},
  howpublished = {\url{https://github.com/DUNE-DAQ/dtpfeedbacktools}},
  note         = {[Online; accessed 2021-11-28]},
  title        = {{dtpfeedbacktools}},
  year         = {2022},
}

@inproceedings{Backhouse2022,
    author = "Backhouse, C.",
    title = "{The CAFAna framework for neutrino analysis}",
    booktitle = "{2022 Snowmass Summer Study}",
    eprint = "2203.13768",
    archivePrefix = "arXiv",
    primaryClass = "hep-ex",
    month = "3",
    year = "2022"
}

@Talk{DUNEPRISM2018,
  author  = {T. Cai and J. Calcutt and K. Mahn and L. Pickering and S. Manly and H. Tanaka and C. Vilela and M. Wilking and G. Yang},
  journal = {Weekly Near Detector Meeting,},
  title   = "{\href{https://indico.fnal.gov/event/16205/contributions/36172/attachments/22411/27806/dune-prism-detector_2.pdf}{The DUNE-PRISM Near Detector}}",
  year    = {2018},
  month   = {January}
}

@article{NOvA2019,
    author = "Acero, M. A. and others",
    collaboration = "NOvA",
    title = "{First Measurement of Neutrino Oscillation Parameters using Neutrinos and Antineutrinos by NOvA}",
    eprint = "1906.04907",
    archivePrefix = "arXiv",
    primaryClass = "hep-ex",
    reportNumber = "FERMILAB-PUB-19-272-ND",
    doi = "10.1103/PhysRevLett.123.151803",
    journal = "Phys. Rev. Lett.",
    volume = "123",
    number = "15",
    pages = "151803",
    year = "2019"
}

@article{Green2012,
    author = "Green, C. and Kowalkowski, J. and Paterno, M. and Fischler, M. and Garren, L. and Lu, Q.",
    editor = {Ernst, Michael and D\"ullmann, Dirk and Rind, Ofer and Wong, Tony},
    title = "{The Art Framework}",
    reportNumber = "FERMILAB-PUB-12-301-CD",
    doi = "10.1088/1742-6596/396/2/022020",
    journal = "J. Phys. Conf. Ser.",
    volume = "396",
    pages = "022020",
    year = "2012"
}

@misc{GArSoft,
  author       = {{{DUNE}}},
  howpublished = {\url{https://github.com/DUNE/garsoft/tree/develop}},
  note         = {[Online; accessed 2023-01-16]},
  title        = {{GArSoft}},
  year         = {2016},
}